%% MONOGRAFIE

@book{book-white,
    author      = {White, Alexander},
    title       = {Advertising Design and Typography},
    year        = {2007},
    month       = {január},
    pages       = {228},
    isbn        = {158115-465-8},
    edition     = {1},
    publisher   = {Allworth Press},
    note        = {[cit. 17.4.2022]. Dostupné z: \url{https://www.researchgate.net/publication/262933681_Advertising_Design_and_Typography}},
}


@book{book-bringhurst,
    author      = {Bringhurst, Robert},
    title       = {The Elements of Typographic Style},
    year        = {1996},
    pages       = {350},
    isbn        = {0-88179-133-4},
    edition     = {2},
    publisher   = {Hartley and Marks},
    note        = {[cit. 17.4.2022]. Dostupné z: \url{https://readings.design/PDF/the_elements_of_typographic_style.pdf}},
}

%% ELEKTRONICKE DOKUMENTY

@misc{el-thangaraj,
    author      = {Thangaraj, John},
    title       = {Fascinating fonts; is the power of typography a marketing myth},
    note        = {[cit. 17.4.2022]. Dostupné~z: \url{https://sheltonography.com/resources/Articles/thangaraj.pdf}},
}


@misc{el-amar,
    author      = {Amar, Jennifer and Droulers, Olivier and Legoh{\'e}rel, Patrick},
    title       = {Typography in destination advertising: An exploratory study and research perspectives},
    note        = {[cit. 17.4.2022]. Dostupné~z: \url{https://www.sciencedirect.com/science/article/pii/S0261517717301243}},
}


@misc{el-sedek,
    author      = {Sedek, Shimaa Salah Sadek},
    title       = {Adapting the Typography Art in Advertising Design to Enhance the Touristic Advertising Visual Identity},
    note        = {[cit. 17.4.2022]. Dostupné~z: \url{https://mjaf.journals.ekb.eg/jufile?ar_sfile=188348}},
}

%% SERIALOVA PUBLIKACIA

@article{mag-bartal,
    author      = {Bartal, Ory},
    title       = "{Text as Image in Japanese Advertising Typography Design}",
    journal     = {Design Issues},
    year        = {2013},
    issn        = {0747-9360},
    volume      = {29},
    note        = {[cit. 17.4.2022]. Dostupné z: \url{https://direct.mit.edu/desi/article-pdf/29/1/51/1715089/desi\_a\_00196.pdf}},
}

%% CLANKY V SERIALOVEJ PUBLIKACII

@inproceedings{serial-kurt,
    author      = {Kurt Schwitters},
    title       = {Designed Typography (1928)},
    year        = {1993},
    volume      = {9},
    issue       = {2},
    pages       = {66--68},
    booktitle   = {Design Issues},
    publisher   = {MIT Press},
    issn        = {07479360, 15314790},
    note        = {[cit. 17.4.2022]. Dostupné z: \url{http://www.jstor.org/stable/1511676}},
}

@inproceedings{serial-moriarty,
    author      = {Moriarty, Sandra Ernst},
    title       = {Trends in advertising typography},
    year        = {1982},
    volume      = {59},
    issue       = {2},
    pages       = {290--294},
    booktitle   = {Journalism Quarterly},
    publisher   = {SAGE Publications Sage CA: Los Angeles, CA},
    doi         = {10.1177/107769908205900215},
    note        = {[cit. 17.4.2022]. Dostupné z: \url{https://doi.org/10.1177/107769908205900215}},
    
    
    
}

% KVALIFIKACNE PRACE
@mastersthesis{thesis-donev,
    author      = {Aleksandar Donev},
    title       = {Typography in Advertising \emph{[online]}},
    type        = {Doktorská práce},
    year        = {2015},
    school      = {Tomas Bata University. Faculty of Multimedia Communications},
    address     = {Zlín},
    note        = {[cit. 17.4.2022]. Dostupné z: \url{https://digilib.k.utb.cz/handle/10563/36843}},
}


@mastersthesis{thesis-suppenova,
    author      = {Šuppenová, Sylvia},
    title       = {Typografia v marketingovej komunikácii},
    type        = {Bakalárska práca},
    year        = {2021},
    school      = {Univerzita Konštantína Filozofa v Nitre FF UKF KMKR},
    address     = {Nitra},
    note        = {[cit. 17.4.2022]. Dostupné z: \url{https://opac.crzp.sk/?fn=docviewChild000F7535}},
}